@article{SEIT2017,
  title={Connecting small, private and independent hydro power plants to increase the overall power generating efficiency},
  author={Markus Jager, Markus M. Schwarzb, Dagmar Auera, Barbara Platzer, Josef Küng},
  journal={Procedia Computer Science},
  volume={00},
  pages={000--000},
  year={2016},
  publisher={Elsevier}
}
@article{shim2002past,
  title={Past, present, and future of decision support technology},
  author={Shim, Jung P and Warkentin, Merrill and Courtney, James F and Power, Daniel J and Sharda, Ramesh and Carlsson, Christer},
  journal={Decision support systems},
  volume={33},
  number={2},
  pages={111--126},
  year={2002},
  publisher={Elsevier}
}
@article{Mysiak2005203,
title = "Towards the development of a decision support system for water resource management ",
journal = "Environmental Modelling \& Software ",
volume = "20",
number = "2",
pages = "203 - 214",
year = "2005",
note = "Policies and Tools for Sustainable Water Management in the European Union ",
issn = "1364-8152",
doi = "https://doi.org/10.1016/j.envsoft.2003.12.019",
url = "http://www.sciencedirect.com/science/article/pii/S1364815204000386",
author = "Jaroslav Mysiak and Carlo Giupponi and Paolo Rosato",
keywords = "Decision support system",
keywords = "Water resources management",
keywords = "Multi-criteria analysis",
keywords = "Decision-making",
keywords = "Environmental modelling",
keywords = "DPSIR",
keywords = "Water framework directive "
}
@article{power2007brief,
  title={A brief history of decision support systems},
  author={Power, Daniel J}
}
@article{khodashahri2013decision,
  title={Decision Support System (DSS)},
  author={Khodashahri, Nastaran Ghorbani and Sarabi, Masoome Mir Hassannia},
  journal={Singaporean Journal of Business Economics and Management Studies, Vol1},
  number={6},
  year={2013}
}
@article{gorry1989framework,
  title={A framework for management information systems},
  author={Gorry, G Anthony and Morton, Michael S Scott},
  journal={MIT Sloan Management Review},
  volume={30},
  number={3},
  pages={49},
  year={1989},
  publisher={Massachusetts Institute of Technology, Cambridge, MA}
}
@article{bhargava2007progress,
  title={Progress in Web-based decision support technologies},
  author={Bhargava, Hemant K and Power, Daniel J and Sun, Daewon},
  journal={Decision Support Systems},
  volume={43},
  number={4},
  pages={1083--1095},
  year={2007},
  publisher={Elsevier}
}
@article{bhargava2001decision,
  title={Decision support systems and web technologies: a status report},
  author={Bhargava, Hemant and Power, Daniel},
  journal={AMCIS 2001 Proceedings},
  pages={46},
  year={2001}
}
@article{powell2001dm,
  title={DM Review: A 10 Year Journey},
  author={Powell, R},
  journal={DM Review, February},
  year={2001}
}
@misc{DDSTypes,
  author = {Power, D. J.},
  title = {Decision Support Systems Types},
  howpublished = {\url{http://dssresources.com/dsstypes/}},
  note = {Accessed: 2017-06-11}
}
@misc{DSS,
  title = {Decision Support Systems},
  author = {MSG Experts},
  howpublished = {\url{https://www.managementstudyguide.com/decision-support-systems-articles.htm}},
  note = {Accessed: 2017-06-12}
}
@misc{SDLC,
  author = {Tangient LLC},
  title = {System Development Life Cycle},
  howpublished = {\url{https://shaparo-mis.wikispaces.com/System+Development+Life+Cycle}},
  note = {Accessed: 2017-06-12}
}
@misc{RPA,
  title = {Rapid Prototyping Approach},
  howpublished = {\url{https://www.slideshare.net/delaco/1-rapid-prototyping-model}},
  note = {Accessed: 2017-06-12}
}
@misc{ROMC,
  title = {Designing and Evaluating DSS User Interfaces},
  howpublished = {\url{http://www.dsc.ufcg.edu.br/~garcia/cursos/SAD/Notas/Cap5DSSResources.pdf}},
  note = {Accessed: 2017-06-12}
}
@misc{HydroPower,
  title = {Hydropower (Small-scale)},
  author = {José Luis Carrasco, Andrea Pain, Dorothee Spuhler},
  howpublished = {\url{http://www.sswm.info/content/hydropower-small-scale}},
  note = {Accessed: 2017-06-13}
}
@misc{SmallScale,
  title = {Small Scale Hydropower},
  howpublished = {\url{http://www.small-hydro.com/about/small-scale-hydrpower.aspx}},
  note = {Accessed: 2017-06-13}
}
@article{power2002building,
  title={Building Web-based decision support systems},
  author={Power, Daniel J and Kaparthi, Shashidhar},
  journal={Studies in Informatics and Control},
  volume={11},
  number={4},
  pages={291--302},
  year={2002},
  publisher={INFORMATICS AND CONTROL PUBLICATIONS}
}
@article{HydroPP,
  title={Hydro Power Plants},
  author={Timofeyev, M.A.},
  journal={National Research Tomsk Polytechnic University.}
}
@article{kishor2007review,
  title={A review on hydropower plant models and control},
  author={Kishor, Nand and Saini, RP and Singh, SP},
  journal={Renewable and Sustainable Energy Reviews},
  volume={11},
  number={5},
  pages={776--796},
  year={2007},
  publisher={Elsevier}
}
@article{bonczek1981generalized,
  title={A generalized decision support system using predicate calculus and network data base management},
  author={Bonczek, Robert H and Holsapple, Clyde W and Whinston, Andrew B},
  journal={Operations Research},
  volume={29},
  number={2},
  pages={263--281},
  year={1981},
  publisher={INFORMS}
}
@incollection{makowski2003modeling,
  title={Modeling knowledge: Model-based decision support and soft computations},
  author={Makowski, Marek and Wierzbicki, Andrzej P},
  booktitle={Applied decision support with soft computing},
  pages={3--60},
  year={2003},
  publisher={Springer}
}
@article{power2000web,
  title={Web-based and model-driven decision support systems: concepts and issues},
  author={Power, Daniel J},
  journal={AMCIS 2000 Proceedings},
  pages={387},
  year={2000}
}
@article{paish2002small,
  title={Small hydro power: technology and current status},
  author={Paish, Oliver},
  journal={Renewable and sustainable energy reviews},
  volume={6},
  number={6},
  pages={537--556},
  year={2002},
  publisher={Elsevier}
}
@article{florez2013decentralized,
  title={Decentralized-coordinated model predictive control for a hydro-power valley},
  author={Fl{\'o}rez, J Z{\'a}rate and Martinez, J and Besan{\c{c}}on, Gildas and Faille, Damien},
  journal={Mathematics and computers in Simulation},
  volume={91},
  pages={108--118},
  year={2013},
  publisher={Elsevier}
}
@article{farina2012distributed,
  title={Distributed predictive control: A non-cooperative algorithm with neighbor-to-neighbor communication for linear systems},
  author={Farina, Marcello and Scattolini, Riccardo},
  journal={Automatica},
  volume={48},
  number={6},
  pages={1088--1096},
  year={2012},
  publisher={Elsevier}
}
@article{stewart2010cooperative,
  title={Cooperative distributed model predictive control},
  author={Stewart, Brett T and Venkat, Aswin N and Rawlings, James B and Wright, Stephen J and Pannocchia, Gabriele},
  journal={Systems \& Control Letters},
  volume={59},
  number={8},
  pages={460--469},
  year={2010},
  publisher={Elsevier}
}