@inproceedings{Itani2005efficient,
	author = {Itani,Ziad and Diab, Hassan and Artail,Hassan},
	title = {Efficient Pull Based Replication and Synchronization for Mobile Databases},
	booktitle = {Pervasive Services, 2005. ICPS '05. Proceedings. International Conference on},
	pages = {401 - 404},
	year = {2005},
	organization = {IEEE}
}
@inproceedings{Rabinovich1996efficient,
	author = {Rabinovich, M. and Gehani, H.N. and Kononov, A.},
	title = {Efficient Update Propagation in Epidemic Replicated Databases},
	booktitle = {Extending Database Technology, 1996. EDBT '96. Proceedings. 5th International Conference on },
	pages = {207 - 222},
	year = {1996},
	city = {Avignon}
}
@inproceedings{Ajila2011synchronization,
	author = {Ajila, Samuel and Al-Asaad, Ahmed},
	title = {Mobile databases - Synchronization and conflict resolution strategies using SQL server},
	booktitle = {Information Reuse and Integration, 2011. IRI '11. IEEE International Conference on },
	pages = {487 - 489},
	year = {2011},
	city = {Las Vegas}
}
@inproceedings{Trachtenberg2002polynomial,
	author = {Trachtenberg, Ari and Starobinski, David and Agarwal, Sachin},
	title = {Fast PDA synchronization using characteristic polynomial
interpolation},
	booktitle = {Twenty-First Annual Joint Conference of the IEEE Computer and Communications Societies. Proceedings, 2002. INFOCOM '02. IEEE},
	pages = {1510 - 1519},
	volume = {3},
	year = {2011}
}
@inproceedings{Sethia2014mobile,
	author = {Sethia, Divyashikha and Mehta, Swati and Chowdhary, Anant and Bhatt, Kartikeya and Bhatnagar, Siddharth},
	title = {MRDMS-Mobile Replicated Database Management Synchronization},
	booktitle = {Signal Processing and Integrated Networks, 2014. SPIN '14. International Conference on},
	pages = {624 - 631},
	year = {2014},
	city = {Noida}
}

@article{Agarwal2002scalability,
	author = {Agarwal, Sachin and Starobinski, David and Trachtenberg, Ari},
	title = {On the scalability of data synchronization protocols for PDAs and mobile devices},
	journal = {IEEE Network},
	pages = {22 - 28},
	volume = {16},
	issue = {4},
	month = {Jul/Aug},
	year = {2002},
	city = {Boston}
}

@article{Minsky2003set,
	author = {Minsky, Yaron and Trachtenberg, Ari and Zippel, Richard},
	title = {Set reconciliation with nearly optimal communication complexity},
	journal = {IEEE Network},
	pages = {2213 - 2218},
	volume = {49},
	issue = {9},
	month = {Sept},
	year = {2003},
}


@misc{Microsoft2014SQL,
author = {Microsoft},
title = {Types of Replication},
year = {2014},
note = {Accessed: 15/3/2014},
howpublished = {\url{http://msdn.microsoft.com/en-us/ms152531}}
}

@misc{Data2014Sync,
author = {Cory Janssen},
title = {Data Synchronization},
year = {2014},
note = {Accessed: 12/4/2014},
howpublished = {\url{http://www.techopedia.com/definition/1006/data-synchronization}}
}

@misc{Gson2014Library,
author = {},
title = {{GSON} Library},
year = {2014},
note = {Accessed: 13/4/2014},
howpublished = {\url{https://code.google.com/p/google-gson/}}
}

@book{ModernOS2009,
author = {Tanenbaum, Andrew S. },
publisher = {Pearson Prentice Hall},
title = {Modern Operating Systems},
year = {2009},
isbn = {78-0136006633}
}

@article{Fielding2002principled,
	author = {Fielding, Roy T. and Taylor, Richard N.},
	title = {Principled design of the modern Web architecture},
	journal = {ACM Transactions on Internet Technology (TOIT)},
	pages = {115 - 150},
	volume = {2},
	issue = {2},
	month = {May},
	year = {2002},
}



@inproceedings{Pautasso2008,
 author = {Pautasso, Cesare and Zimmermann, Olaf and Leymann, Frank},
 title = {Restful Web Services vs. "Big"' Web Services: Making the Right Architectural Decision},
 booktitle = {Proceedings of the 17th International Conference on World Wide Web},
 series = {WWW '08},
 year = {2008},
 isbn = {978-1-60558-085-2},
 location = {Beijing, China},
 pages = {805--814},
 numpages = {10},
 url = {http://doi.acm.org/10.1145/1367497.1367606},
 doi = {10.1145/1367497.1367606},
 acmid = {1367606},
 publisher = {ACM},
 address = {New York, NY, USA},
 keywords = {HTTP, REST, SOAP, WS-* vs. REST, WSDL, architectural decision modeling, resource oriented architectures, service oriented architectures, technology comparison, web services}
 }

@book{Gamma1995,
 author = {Gamma, Erich and Helm, Richard and Johnson, Ralph and Vlissides, John},
 title = {Design Patterns: Elements of Reusable Object-oriented Software},
 year = {1995},
 isbn = {0-201-63361-2},
 publisher = {Addison-Wesley Longman Publishing Co., Inc.},
 address = {Boston, MA, USA}
} 

@article{Hadzilacos1991,
 author = {Hadzilacos, Thanasis and Hadzilacos, Vassos},
 title = {Transaction Synchronisation in Object Bases},
 journal = {J. Comput. Syst. Sci.},
 issue_date = {Aug. 1991},
 volume = {43},
 number = {1},
 month = aug,
 year = {1991},
 issn = {0022-0000},
 pages = {2--24},
 numpages = {23},
 url = {http://dx.doi.org/10.1016/0022-0000(91)90030-9},
 doi = {10.1016/0022-0000(91)90030-9},
 acmid = {114576},
 publisher = {Academic Press, Inc.},
 address = {Orlando, FL, USA}
} 

@article{Charland2011,
 author = {Charland, Andre and Leroux, Brian},
 title = {Mobile Application Development: Web vs. Native},
 journal = {Commun. ACM},
 issue_date = {May 2011},
 volume = {54},
 number = {5},
 month = may,
 year = {2011},
 issn = {0001-0782},
 pages = {49--53},
 numpages = {5},
 url = {http://doi.acm.org/10.1145/1941487.1941504},
 doi = {10.1145/1941487.1941504},
 acmid = {1941504},
 publisher = {ACM},
 address = {New York, NY, USA}
} 

@inproceedings{Hao2007,
 author = {Hao, Shuai and Lim, Hock Beng},
 title = {Data Synchronization in Distributed and Constrained Mobile Sensor Networks},
 booktitle = {Proceedings of the 4th International Conference on Ubiquitous Intelligence and Computing},
 series = {UIC'07},
 year = {2007},
 isbn = {3-540-73548-8, 978-3-540-73548-9},
 location = {Hong Kong, China},
 pages = {673--683},
 numpages = {11},
 url = {http://dl.acm.org/citation.cfm?id=2391319.2391390},
 acmid = {2391390},
 publisher = {Springer-Verlag},
 address = {Berlin, Heidelberg}
}

@inproceedings{Hejtmanek2007,
 author = {Hejtmanek, Lukas and Matyska, Ludek},
 title = {Distributed Data Storage with Strong Offline Access Support},
 booktitle = {Proceedings of the International Multi-Conference on Computing in the Global Information Technology},
 series = {ICCGI '07},
 year = {2007},
 isbn = {0-7695-2798-1},
 pages = {16--},
 url = {http://dx.doi.org/10.1109/ICCGI.2007.21},
 doi = {10.1109/ICCGI.2007.21},
 acmid = {1259854},
 publisher = {IEEE Computer Society},
 address = {Washington, DC, USA}
} 

@article{Guturu2007,
 author = {Guturu, P. and Pal, J. and Heaven, T. E. and Jordan, W. J. and Zhengya, Zhu},
 title = {Message Replication and Consumer Database Synchronization Algorithms and System for Highly Available High Performance Intelligent Networks},
 journal = {IEEE Trans. on Consum. Electron.},
 issue_date = {May 2007},
 volume = {53},
 number = {2},
 month = may,
 year = {2007},
 issn = {0098-3063},
 pages = {375--383},
 numpages = {9},
 url = {http://dx.doi.org/10.1109/TCE.2007.381704},
 doi = {10.1109/TCE.2007.381704},
 acmid = {2279329},
 publisher = {IEEE Press},
 address = {Piscataway, NJ, USA}
} 
@inproceedings{Jiao2009,
 author = {Jiao, Yazhou and Jin, Zhigang and Ma, Zhuoqun},
 title = {A Cross-layer Method to Improve Mobile Database Synchronization Performance},
 booktitle = {Proceedings of the 5th International Conference on Wireless Communications, Networking and Mobile Computing},
 series = {WiCOM'09},
 year = {2009},
 isbn = {978-1-4244-3692-7},
 location = {Beijing, China},
 pages = {5540--5543},
 numpages = {4},
 url = {http://dl.acm.org/citation.cfm?id=1738467.1738814},
 acmid = {1738814},
 publisher = {IEEE Press},
 address = {Piscataway, NJ, USA},
 keywords = {cross- layer, mobile database, sybase sql anywhere, synchronization, tcp westwood, weak connectivity}
} 
@inproceedings{Xhafa2012,
 author = {Xhafa, Fatos},
 title = {Data Replication and Synchronization in P2P Collaborative Systems},
 booktitle = {Proceedings of the 2012 IEEE 26th International Conference on Advanced Information Networking and Applications},
 series = {AINA '12},
 year = {2012},
 isbn = {978-0-7695-4651-3},
 pages = {7--},
 url = {http://dx.doi.org/10.1109/AINA.2012.64},
 doi = {10.1109/AINA.2012.64},
 acmid = {2190363},
 publisher = {IEEE Computer Society},
 address = {Washington, DC, USA},
 keywords = {Data replication, data synchronization, P2P systems, groupware},
}

@INPROCEEDINGS{Balakumar2012, 
author={Balakumar, V. and Sakthidevi, I.}, 
booktitle={Computing, Electronics and Electrical Technologies (ICCEET), 2012 International Conference on}, 
title={An efficient database synchronization algorithm for mobile devices based on Secured Message Digest}, 
year={2012}, 
month={March}, 
pages={937-942}, 
keywords={SQL;database management systems;mobile computing;mobile radio;telecommunication security;ISAMD;SQL function;data synchronization;database synchronization algorithm;improved synchronization algorithm;mobile database;mobile device;secured message digest;server-side database;synchronization policy;synchronization time consumption;Algorithm design and analysis;Field programmable gate arrays;Indexing;Mobile communication;OFDM;Synchronization;Unified modeling language;Mobile Database;Mobile Device;Synchronization}, 
doi={10.1109/ICCEET.2012.6203807}
}

@INPROCEEDINGS{Garg2002, 
author={Garg, V.K. and Skawratananond, C.}, 
booktitle={Distributed Computing Systems, 2002. Proceedings. 22nd International Conference on}, 
title={Timestamping messages in synchronous computations}, 
year={2002}, 
month={}, 
pages={552-559}, 
keywords={graph theory;message passing;remote procedure calls;communication topology;messages timestamping;order relationship;piggybacking;program messages;synchronous communication;synchronous computations;synchronous remote procedure calls;vertex cover;Asynchronous communication;Clocks;Concurrent computing;Debugging;Distributed computing;Fault tolerance;Programming profession;Remote monitoring;Topology;Visualization}, 
doi={10.1109/ICDCS.2002.1022305}, 
ISSN={1063-6927}}

@INPROCEEDINGS{6413499, 
author={Yuan Tian and Jian-Ping Li}, 
booktitle={Wavelet Active Media Technology and Information Processing (ICWAMTIP), 2012 International Conference on}, 
title={Research and implementation of data synchronization with SyncML}, 
year={2012}, 
month={Dec}, 
pages={302-304}, 
keywords={mobile computing;mobile handsets;protocols;synchronisation;SyncML protocol;data synchronization;mobile device;mobile network;mobile service;personal computer;Abstracts;Educational institutions;Irrigation;SyncML;android;data synchronization;mobile}, 
doi={10.1109/ICWAMTIP.2012.6413499}
}

@INPROCEEDINGS{Kroll2012, 
author={Pethig, F. and Kroll, B. and Niggemann, O. and Maier, A. and Tack, T. and Maag, M.}, 
booktitle={Emerging Technologies Factory Automation (ETFA), 2012 IEEE 17th Conference on}, 
title={A generic synchronized data acquisition solution for distributed automation systems}, 
year={2012}, 
month={Sept}, 
pages={1-8}, 
keywords={computer architecture;data acquisition;protocols;Ethernet system;IEEE 1588;OPC unified architecture;PTP;anomaly detection;condition monitoring;distributed automation system;generic synchronized data acquisition;heterogeneous automation system;precision time protocol;visualization application;x86/x64 architecture}, 
doi={10.1109/ETFA.2012.6489655}, 
ISSN={1946-0740}}

@article{Transaction2004,
 title = {Transaction-centric Reconciliation in Disconnected Client-server Databases},
 journal = {Mob. Netw. Appl.},
 issue_date = {October 2004},
 volume = {9},
 number = {5},
 month = oct,
 year = {2004},
 issn = {1383-469X},
 pages = {459--471},
 numpages = {13},
 url = {http://dl.acm.org/citation.cfm?id=1027347.1027349},
 acmid = {1027349},
 publisher = {Springer-Verlag New York, Inc.},
 address = {Secaucus, NJ, USA},
 keywords = {databases, disconnected operation, reconcilation, serializability testing},
key = {{$\!\!$}}
} 
@inproceedings{Gollmick2003,
 author = {Gollmick, Christoph},
 title = {Replication in Mobile Database Environments: A Client-Oriented Approach},
 booktitle = {Proceedings of the 14th International Workshop on Database and Expert Systems Applications},
 series = {DEXA '03},
 year = {2003},
 isbn = {0-7695-1993-8},
 pages = {980--},
 url = {http://dl.acm.org/citation.cfm?id=942790.942892},
 acmid = {942892},
 publisher = {IEEE Computer Society},
 address = {Washington, DC, USA},
} 